<record><leader>00000cas a22000007a 4500</leader><controlfield tag="001">19613923</controlfield><controlfield tag="008">890427d19111914mouwr ne      0    0eng d</controlfield><datafield ind1=" " ind2=" " tag="010"><subfield code="a">sn 89066509 </subfield></datafield><datafield ind1=" " ind2=" " tag="040"><subfield code="a">MQN</subfield><subfield code="b">eng</subfield><subfield code="c">MQN</subfield><subfield code="d">OCLCQ</subfield></datafield><datafield ind1=" " ind2=" " tag="042"><subfield code="a">msc</subfield></datafield><datafield ind1="0" ind2="4" tag="245"><subfield code="a">The Graham record.</subfield></datafield><datafield ind1=" " ind2=" " tag="260"><subfield code="a">Skidmore, Nodaway County, Mo. :</subfield><subfield code="b">D.R. Baker</subfield></datafield><datafield ind1=" " ind2=" " tag="300"><subfield code="a">v.</subfield></datafield><datafield ind1=" " ind2=" " tag="310"><subfield code="a">Weekly</subfield></datafield><datafield ind1="1" ind2=" " tag="362"><subfield code="a">Began in 1911; ceased in 1914?</subfield></datafield><datafield ind1=" " ind2=" " tag="525"><subfield code="a">Special holiday issue published each December.</subfield></datafield><datafield ind1=" " ind2=" " tag="588"><subfield code="a">Description based on: Vol. 1, no. 28 (Dec. 14, 1911).</subfield></datafield><datafield ind1=" " ind2=" " tag="752"><subfield code="a">United States</subfield><subfield code="b">Missouri</subfield><subfield code="c">Nodaway</subfield><subfield code="d">Skidmore.</subfield></datafield></record>